<?xml version="1.0" encoding="UTF-8"?><record xmlns="http://www.loc.gov/MARC21/slim" xmlns:cinclude="http://apache.org/cocoon/include/1.0" xmlns:zs="http://www.loc.gov/zing/srw/">
  <leader>00421nz  a2200133n  4500</leader>
  <controlfield tag="001">no 00034696 </controlfield>
  <controlfield tag="003">DLC</controlfield>
  <controlfield tag="005">20000516064112.0</controlfield>
  <controlfield tag="008">000515n| acannaabn          |n aaa     c</controlfield>
  <datafield tag="010" ind1=" " ind2=" ">
    <subfield code="a">no 00034696 </subfield>
  </datafield>
  <datafield tag="035" ind1=" " ind2=" ">
    <subfield code="a">(OCoLC)oca05220055</subfield>
  </datafield>
  <datafield tag="040" ind1=" " ind2=" ">
    <subfield code="a">WaU</subfield>
    <subfield code="b">eng</subfield>
    <subfield code="c">WaU</subfield>
  </datafield>
  <datafield tag="100" ind1="1" ind2=" ">
    <subfield code="a">Weeden, Catherine R.</subfield>
  </datafield>
  <datafield tag="670" ind1=" " ind2=" ">
    <subfield code="a">Biological control : a guide to natural enemies in North America, via WWW, May 15, 2000:</subfield>
    <subfield code="b">title screen (Catherine R. Weeden)</subfield>
  </datafield>
</record>